{
  "leader": "02298cam  2200529 i 4500",
  "fields": [
    {
      "001": "ocm00631922\\"
    },
    {
      "003": "OCoLC"
    },
    {
      "005": "20211112124432.0"
    },
    {
      "008": "730511s1973\\\\\\\\nyuabch\\\\b\\\\\\\\001\\0\\eng\\\\"
    },
    {
      "007": "ta"
    },
    {
      "010": {
        "ind1": "\\",
        "ind2": "\\",
        "subfields": [
          {
            "a": "   72012409 "
          }
        ]
      }
    },
    {
      "040": {
        "ind1": "\\",
        "ind2": "\\",
        "subfields": [
          {
            "a": "DLC"
          },
          {
            "b": "eng"
          },
          {
            "c": "DLC"
          },
          {
            "d": "MUQ"
          },
          {
            "d": "NLGGC"
          },
          {
            "d": "BTCTA"
          },
          {
            "d": "NLM"
          },
          {
            "d": "AU@"
          },
          {
            "d": "OCLCO"
          },
          {
            "d": "DNN"
          },
          {
            "d": "OCLCF"
          },
          {
            "d": "OCLCQ"
          },
          {
            "d": "SHH"
          },
          {
            "d": "NLC"
          },
          {
            "d": "OCLCA"
          },
          {
            "d": "TYC"
          },
          {
            "d": "OCLCQ"
          },
          {
            "d": "Y7M"
          },
          {
            "d": "V5E"
          },
          {
            "d": "UWW"
          },
          {
            "d": "OCLCQ"
          },
          {
            "d": "OCL"
          },
          {
            "d": "OCLCO"
          }
        ]
      }
    },
    {
      "016": {
        "ind1": "\\",
        "ind2": "\\",
        "subfields": [
          {
            "a": "(AMICUS)000001220027"
          }
        ]
      }
    },
    {
      "016": {
        "ind1": "7",
        "ind2": "\\",
        "subfields": [
          {
            "a": "0401356"
          },
          {
            "2": "DNLM"
          }
        ]
      }
    },
    {
      "019": {
        "ind1": "\\",
        "ind2": "\\",
        "subfields": [
          {
            "a": "993305784"
          },
          {
            "a": "1037143663"
          },
          {
            "a": "1087406967"
          },
          {
            "a": "1130378894"
          },
          {
            "a": "1238050965"
          }
        ]
      }
    },
    {
      "020": {
        "ind1": "\\",
        "ind2": "\\",
        "subfields": [
          {
            "a": "0801407680"
          }
        ]
      }
    },
    {
      "020": {
        "ind1": "\\",
        "ind2": "\\",
        "subfields": [
          {
            "a": "9780801407680"
          }
        ]
      }
    },
    {
      "035": {
        "ind1": "\\",
        "ind2": "\\",
        "subfields": [
          {
            "a": "(OCoLC)631922"
          },
          {
            "z": "(OCoLC)993305784"
          },
          {
            "z": "(OCoLC)1037143663"
          },
          {
            "z": "(OCoLC)1087406967"
          },
          {
            "z": "(OCoLC)1130378894"
          },
          {
            "z": "(OCoLC)1238050965"
          }
        ]
      }
    },
    {
      "041": {
        "ind1": "\\",
        "ind2": "\\",
        "subfields": [
          {
            "a": "eng"
          }
        ]
      }
    },
    {
      "043": {
        "ind1": "\\",
        "ind2": "\\",
        "subfields": [
          {
            "a": "f------"
          }
        ]
      }
    },
    {
      "050": {
        "ind1": "0",
        "ind2": "0",
        "subfields": [
          {
            "a": "RC186.T82"
          },
          {
            "b": "M3 1973"
          }
        ]
      }
    },
    {
      "060": {
        "ind1": "0",
        "ind2": "0",
        "subfields": [
          {
            "a": "QX 505"
          },
          {
            "b": "M154m 1973"
          }
        ]
      }
    },
    {
      "080": {
        "ind1": "\\",
        "ind2": "\\",
        "subfields": [
          {
            "a": "595.7"
          },
          {
            "b": "M154"
          }
        ]
      }
    },
    {
      "082": {
        "ind1": "0",
        "ind2": "4",
        "subfields": [
          {
            "a": "616.9363"
          },
          {
            "b": "MCK"
          }
        ]
      }
    },
    {
      "100": {
        "ind1": "1",
        "ind2": "\\",
        "subfields": [
          {
            "a": "McKelvey, John J."
          }
        ]
      }
    },
    {
      "245": {
        "ind1": "1",
        "ind2": "0",
        "subfields": [
          {
            "a": "Man against tsetse :"
          },
          {
            "b": "struggle for Africa /"
          },
          {
            "c": "John J. McKelvey, Jr."
          }
        ]
      }
    },
    {
      "260": {
        "ind1": "\\",
        "ind2": "\\",
        "subfields": [
          {
            "a": "Ithaca [N.Y.] :"
          },
          {
            "b": "Cornell University Press,"
          },
          {
            "c": "1973."
          }
        ]
      }
    },
    {
      "300": {
        "ind1": "\\",
        "ind2": "\\",
        "subfields": [
          {
            "a": "xvi, 306 pages :"
          },
          {
            "b": "illustrations, maps, facsimiles, portraits ;"
          },
          {
            "c": "21 cm"
          }
        ]
      }
    },
    {
      "336": {
        "ind1": "\\",
        "ind2": "\\",
        "subfields": [
          {
            "a": "text"
          },
          {
            "b": "txt"
          },
          {
            "2": "rdacontent"
          }
        ]
      }
    },
    {
      "337": {
        "ind1": "\\",
        "ind2": "\\",
        "subfields": [
          {
            "a": "unmediated"
          },
          {
            "b": "n"
          },
          {
            "2": "rdamedia"
          }
        ]
      }
    },
    {
      "338": {
        "ind1": "\\",
        "ind2": "\\",
        "subfields": [
          {
            "a": "volume"
          },
          {
            "b": "nc"
          },
          {
            "2": "rdacarrier"
          }
        ]
      }
    },
    {
      "504": {
        "ind1": "\\",
        "ind2": "\\",
        "subfields": [
          {
            "a": "Includes bibliographical references (pages 239-292) and index."
          }
        ]
      }
    },
    {
      "505": {
        "ind1": "0",
        "ind2": "\\",
        "subfields": [
          {
            "a": "The curse of flies -- Asking the right questions -- Campaigns against tsetse and trypanosomes -- \"You tell me to sit quiet.\""
          }
        ]
      }
    },
    {
      "650": {
        "ind1": "\\",
        "ind2": "0",
        "subfields": [
          {
            "a": "African trypanosomiasis."
          }
        ]
      }
    },
    {
      "650": {
        "ind1": "\\",
        "ind2": "0",
        "subfields": [
          {
            "a": "Tsetse-flies"
          },
          {
            "x": "Control"
          },
          {
            "z": "Africa."
          }
        ]
      }
    },
    {
      "650": {
        "ind1": "\\",
        "ind2": "0",
        "subfields": [
          {
            "a": "Insect pests"
          },
          {
            "x": "Biological control."
          }
        ]
      }
    },
    {
      "650": {
        "ind1": "\\",
        "ind2": "7",
        "subfields": [
          {
            "a": "Insect pests"
          },
          {
            "x": "Biological control."
          },
          {
            "2": "fast"
          },
          {
            "0": "(OCoLC)fst00973990"
          }
        ]
      }
    },
    {
      "650": {
        "ind1": "\\",
        "ind2": "7",
        "subfields": [
          {
            "a": "African trypanosomiasis."
          },
          {
            "2": "fast"
          },
          {
            "0": "(OCoLC)fst00799907"
          }
        ]
      }
    },
    {
      "650": {
        "ind1": "\\",
        "ind2": "7",
        "subfields": [
          {
            "a": "Tsetse-flies"
          },
          {
            "x": "Control."
          },
          {
            "2": "fast"
          },
          {
            "0": "(OCoLC)fst01158332"
          }
        ]
      }
    },
    {
      "651": {
        "ind1": "\\",
        "ind2": "7",
        "subfields": [
          {
            "a": "Africa."
          },
          {
            "2": "fast"
          },
          {
            "0": "(OCoLC)fst01239509"
          }
        ]
      }
    },
    {
      "650": {
        "ind1": "\\",
        "ind2": "2",
        "subfields": [
          {
            "a": "Tsetse Flies"
          }
        ]
      }
    },
    {
      "650": {
        "ind1": "\\",
        "ind2": "2",
        "subfields": [
          {
            "a": "Trypanosomiasis, African"
          }
        ]
      }
    },
    {
      "776": {
        "ind1": "0",
        "ind2": "8",
        "subfields": [
          {
            "i": "Online version:"
          },
          {
            "a": "McKelvey, John J."
          },
          {
            "t": "Man against tsetse."
          },
          {
            "d": "Ithaca [N.Y.] Cornell University Press [1973]"
          },
          {
            "w": "(OCoLC)598711578"
          }
        ]
      }
    },
    {
      "776": {
        "ind1": "0",
        "ind2": "8",
        "subfields": [
          {
            "i": "Online version:"
          },
          {
            "a": "McKelvey, John J."
          },
          {
            "t": "Man against tsetse."
          },
          {
            "d": "Ithaca [N.Y.] Cornell University Press [1973]"
          },
          {
            "w": "(OCoLC)609346169"
          }
        ]
      }
    },
    {
      "994": {
        "ind1": "\\",
        "ind2": "\\",
        "subfields": [
          {
            "a": "Z0"
          },
          {
            "b": "NYRVC"
          }
        ]
      }
    },
    {
      "948": {
        "ind1": "\\",
        "ind2": "\\",
        "subfields": [
          {
            "h": "NO HOLDINGS IN NYRVC - 588 OTHER HOLDINGS"
          }
        ]
      }
    },
    {
      "999": {
        "ind1": "\\",
        "ind2": "\\",
        "subfields": [
          {
            "a": "00000000012130"
          }
        ]
      }
    }
  ]
}